@article{fournier1982computer,
  title={Computer rendering of stochastic models},
  author={Fournier, Alain and Fussell, Don and Carpenter, Loren},
  journal={Communications of the ACM},
  volume={25},
  number={6},
  pages={371--384},
  year={1982},
  publisher={ACM}
}

@inproceedings{miller1986definition,
  title={The definition and rendering of terrain maps},
  author={Miller, Gavin SP},
  booktitle={ACM SIGGRAPH Computer Graphics},
  volume={20},
  number={4},
  pages={39--48},
  year={1986},
  organization={ACM}
}

@inproceedings{koh1992fast,
  title={Fast generation and surface structuring methods for terrain and other natural phenomena},
  author={Koh, Eng-Kiat and Hearn, DD},
  booktitle={Computer Graphics Forum},
  volume={11},
  number={3},
  pages={169--180},
  year={1992},
  organization={Wiley Online Library}
}

@misc{fftw,
    title={{FFTW} library},
    howpublished = {\url{http://www.fftw.org}}
}
@misc{paulbourke,
    title={Modelling fake planets},
    author={Bourke, Paul},
    howpublished = {\url{http://paulbourke.net/fractals/noise/}},
    year={2000}
}